<record><leader>00000cas a22000007a 4500</leader><controlfield tag="001">12004841</controlfield><controlfield tag="008">850507d19621972utuwr ne      0    0eng d</controlfield><datafield ind1=" " ind2=" " tag="010"><subfield code="a">sn 85058136 </subfield></datafield><datafield ind1=" " ind2=" " tag="040"><subfield code="a">UNP</subfield><subfield code="b">eng</subfield><subfield code="c">UNP</subfield><subfield code="d">OCLCQ</subfield></datafield><datafield ind1=" " ind2=" " tag="042"><subfield code="a">msc</subfield></datafield><datafield ind1="0" ind2=" " tag="130"><subfield code="a">Cache Valley citizen (Lewiston, Utah)</subfield></datafield><datafield ind1="1" ind2="4" tag="245"><subfield code="a">The Cache Valley citizen.</subfield></datafield><datafield ind1=" " ind2=" " tag="260"><subfield code="a">Lewiston, Utah :</subfield><subfield code="b">W.D. Bell &amp; J.W. Ross,</subfield><subfield code="c">-1972.</subfield></datafield><datafield ind1=" " ind2=" " tag="300"><subfield code="a">v. :</subfield><subfield code="b">ill.</subfield></datafield><datafield ind1="1" ind2=" " tag="362"><subfield code="a">Began in 1962.</subfield><subfield code="z">Cf. Ayers, 1964.</subfield></datafield><datafield ind1="0" ind2=" " tag="362"><subfield code="a">-v. 10, no. 42 (Oct. 19, 1972).</subfield></datafield><datafield ind1=" " ind2=" " tag="525"><subfield code="a">Supplements accompany some issues.</subfield></datafield><datafield ind1=" " ind2=" " tag="588"><subfield code="a">Description based on: Vol. 1, no. 46 (Aug. 22, 1963).</subfield></datafield><datafield ind1=" " ind2=" " tag="752"><subfield code="a">United States</subfield><subfield code="b">Utah</subfield><subfield code="c">Cache</subfield><subfield code="d">Lewiston.</subfield></datafield><datafield ind1="0" ind2="0" tag="785"><subfield code="t">Cache citizen (Smithfield, Utah)</subfield><subfield code="w">(DLC)sn 85058137</subfield><subfield code="w">(OCoLC)12004849</subfield></datafield></record>